<record><leader>00000cas a22000007a 4500</leader><controlfield tag="001">22237209</controlfield><controlfield tag="008">900817d19771982mnuwr ne      0    0eng d</controlfield><datafield ind1=" " ind2=" " tag="010"><subfield code="a">sn 90060249 </subfield></datafield><datafield ind1=" " ind2=" " tag="040"><subfield code="a">MN#</subfield><subfield code="b">eng</subfield><subfield code="c">MN#</subfield><subfield code="d">GUA</subfield><subfield code="d">OCLCQ</subfield><subfield code="d">OCLCF</subfield><subfield code="d">OCLCO</subfield></datafield><datafield ind1="1" ind2=" " tag="029"><subfield code="a">AU@</subfield><subfield code="b">000020654882</subfield></datafield><datafield ind1=" " ind2=" " tag="042"><subfield code="a">msc</subfield></datafield><datafield ind1=" " ind2=" " tag="043"><subfield code="a">n-us-mn</subfield></datafield><datafield ind1=" " ind2=" " tag="052"><subfield code="a">4144</subfield><subfield code="b">S142</subfield><subfield code="b">N3</subfield></datafield><datafield ind1=" " ind2=" " tag="052"><subfield code="a">4143</subfield><subfield code="b">H4</subfield><subfield code="b">R2</subfield></datafield><datafield ind1="0" ind2=" " tag="130"><subfield code="a">Bulletin (Saint Anthony, Minn.)</subfield></datafield><datafield ind1="1" ind2="4" tag="245"><subfield code="a">The bulletin.</subfield></datafield><datafield ind1=" " ind2=" " tag="250"><subfield code="a">St. Anthony ed.</subfield></datafield><datafield ind1=" " ind2=" " tag="260"><subfield code="a">St. Anthony, Minn. ;</subfield><subfield code="a">[New Brighton, Minn. :</subfield><subfield code="b">Lillie Suburban Newspapers],</subfield><subfield code="c">-1982.</subfield></datafield><datafield ind1=" " ind2=" " tag="300"><subfield code="a">v.</subfield></datafield><datafield ind1=" " ind2=" " tag="310"><subfield code="a">Weekly</subfield></datafield><datafield ind1="1" ind2=" " tag="362"><subfield code="a">Began in May 1977.</subfield></datafield><datafield ind1="0" ind2=" " tag="362"><subfield code="a">-v. 6, no. 29 (Apr. 8, 1982).</subfield></datafield><datafield ind1=" " ind2=" " tag="530"><subfield code="a">Available on microfilm from the Minnesota Historical Society.</subfield></datafield><datafield ind1=" " ind2=" " tag="588"><subfield code="a">Description based on: Vol. 1, no. 33 (May 12, 1977).</subfield></datafield><datafield ind1=" " ind2="0" tag="651"><subfield code="a">Saint Anthony (Hennepin County, Minn. : 1945- )</subfield><subfield code="v">Newspapers.</subfield></datafield><datafield ind1=" " ind2="0" tag="651"><subfield code="a">New Brighton (Minn.)</subfield><subfield code="v">Newspapers.</subfield></datafield><datafield ind1=" " ind2="7" tag="655"><subfield code="a">Newspapers.</subfield><subfield code="2">fast</subfield><subfield code="0">(OCoLC)fst01423814</subfield></datafield><datafield ind1=" " ind2="7" tag="651"><subfield code="a">Minnesota</subfield><subfield code="z">New Brighton.</subfield><subfield code="2">fast</subfield><subfield code="0">(OCoLC)fst01223271</subfield></datafield><datafield ind1=" " ind2="7" tag="651"><subfield code="a">Minnesota</subfield><subfield code="z">Saint Anthony (Hennepin County : 1945- )</subfield><subfield code="2">fast</subfield><subfield code="0">(OCoLC)fst01331850</subfield></datafield><datafield ind1=" " ind2=" " tag="752"><subfield code="a">United States</subfield><subfield code="b">Minnesota</subfield><subfield code="c">Hennepin</subfield><subfield code="d">Saint Anthony (1945- )</subfield></datafield><datafield ind1=" " ind2=" " tag="752"><subfield code="a">United States</subfield><subfield code="b">Minnesota</subfield><subfield code="c">Ramsey</subfield><subfield code="d">New Brighton.</subfield></datafield><datafield ind1="0" ind2="0" tag="780"><subfield code="t">St. Anthony bulletin (Saint Anthony, Minn.)</subfield><subfield code="w">(DLC)sn 90060248</subfield></datafield><datafield ind1="0" ind2="0" tag="785"><subfield code="t">St. Anthony bulletin (New Brighton, Minn.)</subfield><subfield code="w">(DLC)sn 90060250</subfield></datafield></record>